<?xml version="1.0" encoding="UTF-8"?><collection xmlns="http://www.loc.gov/MARC21/slim"><record><leader>00618nam--2200181-i-4500</leader><controlfield tag="001">000011011</controlfield><controlfield tag="002">20161230</controlfield><controlfield tag="005">20161230201029</controlfield><controlfield tag="008">060222s1000------------r-----000-0-eng-d</controlfield><datafield ind1=" " ind2=" " tag="040"><subfield code="a">IFIN-HH</subfield></datafield><datafield ind1=" " ind2=" " tag="080"><subfield code="a">539.125.5.164.078(047.1)</subfield></datafield><datafield ind1="1" ind2=" " tag="100"><subfield code="a">Carlile, C. J</subfield></datafield><datafield ind1="1" ind2="0" tag="245"><subfield code="a">The design and performance of a graphite monocromator/chopper. neutron time of flight spectrometer</subfield><subfield code="c">C.j. carlile, p.j. heffer, d.k. ross</subfield></datafield><datafield ind1=" " ind2=" " tag="260"><subfield code="a">Birmingham</subfield><subfield code="b">University Of Birmingham, Departme Nt Of Physics</subfield><subfield code="c">1973</subfield></datafield><datafield ind1=" " ind2=" " tag="300"><subfield code="a">20 P. + 19 P.DIF</subfield></datafield><datafield ind1="1" ind2=" " tag="700"><subfield code="a">Ross, D.K</subfield></datafield><datafield ind1=" " ind2=" " tag="852"><subfield code="a">19589</subfield><subfield code="c">539.1.07:539.1.08</subfield></datafield><datafield ind1=" " ind2=" " tag="CAT"><subfield code="a">Sys</subfield><subfield code="c">20111018</subfield><subfield code="h">155845</subfield></datafield></record></collection>